
@online{multilabel,
author = {Kartik Nooney},
title = {Deep dive into multi-label classification},
date = {2018},
note = {\href{https://towardsdatascience.com/journey-to-the-center-of-multi-label-classification-384c40229bff}{Enlace}}
}

@online{poisson_deviance,
	author = {Peijin Chen},
	title = {The Poisson Deviance for Regression},
	date = {2021},
	note = {\href{https://peijin.medium.com/the-poisson-deviance-for-regression-d469b56959ce}{Enlace}}
}

@online{inclusion,
	author = {Wikipedia},
	title = {Inclusión financiera},
	note = {\href{https://es.wikipedia.org/wiki/Inclusi%C3%B3n_financiera}{Enlace}}
}

@book{Multilabellern,
	author = {Francisco Herrera and Francisco Charte and Antonio J. Rivera and María J. del Jesus},
	title = {Multilabel
Classification},
	date = {2016},
}

@online{sklearn,
	author = {Equipo de Scikit-Learn},
	title = {Documentación de Scikit-Learn },
	note = {\href{https://scikit-learn.org/stable/}{Enlace}}
}

@online{sklearnml,
	author = {Equipo de Scikit-Learn},
	title = {Documentación de Scikit-multilearn},
	note = {\href{http://scikit.ml/}{Enlace}}
}

@online{in,
	author = {SCI2S},
	title = {Recursos de la asignatura Inteligencia de Negocio},
	note = {\href{https://sci2s.ugr.es/}{Enlace}}
}

@article{ordin,
	author = {Eibe Frank and Mark Hall},
	title = {A Simple Approach to Ordinal Classification},
	date = {30 August 2001},
}
@online{github,
	author = {Wikipedia},
	title = {GitHub},
	note = {\href{https://es.wikipedia.org/wiki/GitHub}{Enlace}}
}
@online{git,
	author = {Wikipedia},
	title = {Git},
	note = {\href{https://es.wikipedia.org/wiki/Git}{Enlace}}
}
@online{plantuml,
	author = {Arnaud Rosques},
	title = {Página web de PlantUML},
	note = {\href{https://plantuml.com/}{Enlace}}
}
@online{ie,
	author = {Ana Lanero and José-Luis Vázquez and Alfredo Muñoz-Adánez},
    title = {Un modelo social cognitivo de intenciones emprendedoras en estudiantes universitarios},
    note =
    {\href{https://scielo.isciii.es/scielo.php?script=sci_arttext&pid=S0212-97282015000100026}{Enlace}}
}
@article{mono,
	author = {Javier García Fernández and José Ramón Cano and Salvador Garcia Lopez},
	title = {Modelos híbridos de aprendizaje basado en instancias y reglas para clasificación monotónica},
	date =  {8 Febrero 2017}
}
@online{knn,
	    author = {Wikipedia},
	    title = {K Nearest Neighbors},
        note = 	{\href{https://es.wikipedia.org/wiki/K_vecinos_m%C3%A1s_pr%C3%B3ximos}{Enlace}}
}
@online{cv,
         author = {Equipo de Scikit-Learn},
         title = {Cross Validation},
         note = {\href{https://scikit-learn.org/stable/modules/cross_validation.html}{Enlace}}
}
@online{svm,
         author = {César Chique Rodriguez},
         title = {SVM},
         note = {\href{https://medium.com/@csarchiquerodriguez/maquina-de-soporte-vectorial-svm-92e9f1b1b1ac}{Enlace}}
}
@online{rnn,
         author = {Wikipedia},
         title = {Red Neuronal Artificial},
         note = {\href{https://es.wikipedia.org/wiki/Red_neuronal_artificial}{Enlace}}
}
@online{ova,
        author = {Jason Brownlee},
        title = {One-vs-Rest and One-vs-One for Multi-Class Classification},
        note {\href{https://machinelearningmastery.com/one-vs-rest-and-one-vs-one-for-multi-class-classification/}{Enlace}}
}
